@article{robinson2010,
   Author="Robinson, M. D.  and McCarthy, D. J.  and Smyth, G. K. ",
   Title="{edge{R}: a {B}ioconductor package for differential expression analysis of digital gene expression data}",
   Journal="Bioinformatics",
   Year="2010",
   Volume="26",
   Number="1",
   Pages="139--140",
   Month="Jan"
}

@Article{langmead2012,
   Author="Langmead, B.  and Salzberg, S. L. ",
   Title="{{F}ast gapped-read alignment with {B}owtie 2}",
   Journal="Nat. Methods",
   Year="2012",
   Volume="9",
   Number="4",
   Pages="357--359"
}

@Article{li2009,
   Author="Li, H.  and Handsaker, B.  and Wysoker, A.  and Fennell, T.  and Ruan, J.  and Homer, N.  and Marth, G.  and Abecasis, G.  and Durbin, R. ",
   Title="{{T}he {S}equence {A}lignment/{M}ap format and {S}{A}{M}tools}",
   Journal="Bioinformatics",
   Year="2009",
   Volume="25",
   Number="16",
   Pages="2078--2079",
   Month="Aug"
}

@Article{oshlack2010,
   Author="Robinson, M. D.  and Oshlack, A. ",
   Title="{{A} scaling normalization method for differential expression analysis of {R}{N}{A}-seq data}",
   Journal="Genome Biol.",
   Year="2010",
   Volume="11",
   Number="3",
   Pages="R25"
}

@article{edgeR,
    title={edge{R}: differential expression analysis of digital gene expression data, {U}ser's {G}uide},
    author={Robinson, M. D. and McCarthy, D. and Smyth, G. K.},
    month={October},
    year={2010},
}

@Article{robinson2008,
   Author="Robinson, M. D.  and Smyth, G. K. ",
   Title="{{S}mall-sample estimation of negative binomial dispersion, with applications to {S}{A}{G}{E} data}",
   Journal="Biostatistics",
   Year="2008",
   Volume="9",
   Number="2",
   Pages="321--332",
   Month="Apr"
}

@Article{robinson2007,
   Author="Robinson, M. D.  and Smyth, G. K. ",
   Title="{{M}oderated statistical tests for assessing differences in tag abundance}",
   Journal="Bioinformatics",
   Year="2007",
   Volume="23",
   Number="21",
   Pages="2881--2887",
   Month="Nov"
}

@article{benjamini1995,
  title={Controlling the false discovery rate: a practical and powerful approach to multiple testing},
  author={Benjamini, Y. and Hochberg, Y.},
  journal={Journal of the Royal Statistical Society. Series B (Methodological)},
  pages={289--300},
  year={1995},
  publisher={JSTOR}
}

@article{benjamini2001,
  title={The control of the false discovery rate in multiple testing under dependency},
  author={Benjamini, Y. and Yekutieli, D.},
  journal={Annals of statistics},
  pages={1165--1188},
  year={2001},
  publisher={JSTOR}
}

@Article{liao2013,
   Author="Liao, Y.  and Smyth, G. K.  and Shi, W. ",
   Title="{{T}he {S}ubread aligner: fast, accurate and scalable read mapping by seed-and-vote}",
   Journal="Nucleic Acids Res.",
   Year="2013",
   Volume="41",
   Number="10",
   Pages="e108",
   Month="May"
}


@article{kharchenko2008,
    Author="Kharchenko, P. V.  and Tolstorukov, M. Y.  and Park, P. J. ",
    Title="{{D}esign and analysis of {C}h{I}{P}-seq experiments for {D}{N}{A}-binding proteins}",
    Journal="Nat. Biotechnol.",
    Year="2008",
    Volume="26",
    Number="12",
    Pages="1351--1359",
    Month="Dec"
}

@Article{bourgon2010,
    Author="Bourgon, R.  and Gentleman, R.  and Huber, W. ",
    Title="{{I}ndependent filtering increases detection power for high-throughput experiments}",
    Journal="Proc. Natl. Acad. Sci. U.S.A.",
    Year="2010",
    Volume="107",
    Number="21",
    Pages="9546--9551",
    Month="May"
}

@Article{zhang2008,
   Author="Zhang, Y.  and Liu, T.  and Meyer, C. A.  and Eeckhoute, J.  and Johnson, D. S.  and Bernstein, B. E.  and Nusbaum, C.  and Myers, R. M.  and Brown, M.  and Li, W.  and Liu, X. S. ",
   Title="{{M}odel-based analysis of {C}h{I}{P}-{S}eq ({M}{A}{C}{S})}",
   Journal="Genome Biol.",
   Year="2008",
   Volume="9",
   Number="9",
   Pages="R137"
}

@article{sarkar1997,
    title={The {S}imes method for multiple hypothesis testing with positively dependent test statistics},
    author={Sarkar, S. K. and Chang, C. K.},
    journal={J. Am. Stat. Assoc.},
    pages={1601--1608},
    volume={92},
    number={440},
    year={1997},
    publisher={JSTOR}
}

@article{samuel1996,
    title={Is the {S}imes improved {B}onferroni procedure conservative?},
    author={Samuel-Cahn, E.},
    journal={Biometrika},
    volume={83},
    number={4},
    pages={928--933},
    year={1996},
    publisher={Biometrika Trust}
}

@incollection{westfall2005,
    title = {Combining {$P$} {V}alues},
    author = {Westfall, P. H.},
    publisher = {John Wiley \& Sons, Ltd},
    booktitle = {Encyclopedia of Biostatistics},
    editor = {Armitage, P. and Colton, T.},
    year = {2005},
}

@Article{kim2008,
   Author="Kim, K. I.  and van de Wiel, M. A. ",
   Title="{{E}ffects of dependence in high-dimensional multiple testing problems}",
   Journal="BMC Bioinformatics",
   Year="2008",
   Volume="9",
   Pages="114"
}

@Article{domingo2012,
   Author="Revilla-I-Domingo, R.  and Bilic, I.  and Vilagos, B.  and Tagoh, H.  and Ebert, A.  and Tamir, I. M.  and Smeenk, L.  and Trupke, J.  and Sommer, A.  and Jaritz, M.  and Busslinger, M. ",
   Title="{{T}he {B}-cell identity factor {P}ax5 regulates distinct transcriptional programmes in early and late {B} lymphopoiesis}",
   Journal="EMBO J.",
   Year="2012",
   Volume="31",
   Number="14",
   Pages="3130--3146"
}

@Article{barrett2009,
	Author="Barrett, T.  and Troup, D. B.  and Wilhite, S. E.  and Ledoux, P.  and Rudnev, D.  and Evangelista, C.  and Kim, I. F.  and Soboleva, A.  and Tomashevsky, M.  and Marshall, K. A.  and Phillippy, K. H.  and Sherman, P. M.  and Muertter, R. N.  and Edgar, R. ",
	Title="{{N}{C}{B}{I} {G}{E}{O}: archive for high-throughput functional genomic data}",
	Journal="Nucleic Acids Res.",
	Year="2009",
	Volume="37",
	Number="Database issue",
	Pages="D885--890",
	Month="Jan"
}

@Article{reiner2003,
	Author="Reiner, A.  and Yekutieli, D.  and Benjamini, Y. ",
	Title="{{I}dentifying differentially expressed genes using false discovery rate controlling procedures}",
	Journal="Bioinformatics",
	Year="2003",
	Volume="19",
	Number="3",
	Pages="368--375",
	Month="Feb"
}

@article{simes1986,
	author = {Simes, R. J.}, 
	title = {An improved {B}onferroni procedure for multiple tests of significance}, 
	volume = {73}, 
	number = {3}, 
	pages = {751-754}, 
	year = {1986}, 
	journal = {Biometrika} 
}

@Article{risso2011,
	   Author="Risso, D.  and Schwartz, K.  and Sherlock, G.  and Dudoit, S. ",
	      Title="{{G}{C}-content normalization for {R}{N}{A}-{S}eq data}",
		     Journal="BMC Bioinformatics",
			    Year="2011",
				   Volume="12",
				      Pages="480"
}

@Article{cheung2011,
	   Author="Cheung, M. S.  and Down, T. A.  and Latorre, I.  and Ahringer, J. ",
	      Title="{{S}ystematic bias in high-throughput sequencing data and its correction by {B}{E}{A}{D}{S}}",
		     Journal="Nucleic Acids Res.",
			    Year="2011",
				   Volume="39",
				      Number="15",
					     Pages="e103",
						    Month="Aug"
}

@Article{wu2010,
   Author="Wu, S.  and Wang, J.  and Zhao, W.  and Pounds, S.  and Cheng, C. ",
   Title="{{C}h{I}{P}-{P}a{M}: an algorithm to identify protein-{D}{N}{A} interaction using {C}h{I}{P}-{S}eq data}",
   Journal="Theor Biol Med Model",
   Year="2010",
   Volume="7",
   Pages="18"
}

@article {link2012,
author = {Link, W. A. and Eaton, M. J.},
title = {On thinning of chains in {M}{C}{M}{C}},
journal = {Methods in Ecology and Evolution},
volume = {3},
number = {1},
publisher = {Blackwell Publishing Ltd},
issn = {2041-210X},
url = {http://dx.doi.org/10.1111/j.2041-210X.2011.00131.x},
doi = {10.1111/j.2041-210X.2011.00131.x},
pages = {112--115},
keywords = {Markov chain Monte Carlo, thinning, WinBUGS},
year = {2012},
}

@Article{landt2012,
   Author="Landt, S. G.  and Marinov, G. K.  and Kundaje, A.  and Kheradpour, P.  and Pauli, F.  and Batzoglou, S.  and Bernstein, B. E.  and Bickel, P.  and Brown, J. B.  and Cayting, P.  and Chen, Y.  and Desalvo, G.  and Epstein, C.  and Fisher-Aylor, K. I.  and Euskirchen, G.  and Gerstein, M.  and Gertz, J.  and Hartemink, A. J.  and Hoffman, M. M.  and Iyer, V. R.  and Jung, Y. L.  and Karmakar, S.  and Kellis, M.  and Kharchenko, P. V.  and Li, Q.  and Liu, T.  and Liu, X. S.  and Ma, L.  and Milosavljevic, A.  and Myers, R. M.  and Park, P. J.  and Pazin, M. J.  and Perry, M. D.  and Raha, D.  and Reddy, T. E.  and Rozowsky, J.  and Shoresh, N.  and Sidow, A.  and Slattery, M.  and Stamatoyannopoulos, J. A.  and Tolstorukov, M. Y.  and White, K. P.  and Xi, S.  and Farnham, P. J.  and Lieb, J. D.  and Wold, B. J.  and Snyder, M. ",
   Title="{{C}h{I}{P}-seq guidelines and practices of the {E}{N}{C}{O}{D}{E} and mod{E}{N}{C}{O}{D}{E} consortia}",
   Journal="Genome Res.",
   Year="2012",
   Volume="22",
   Number="9",
   Pages="1813--1831",
   Month="Sep"
}


@Article{pepke2009,
   Author="Pepke, S.  and Wold, B.  and Mortazavi, A. ",
   Title="{{C}omputation for {C}h{I}{P}-seq and {R}{N}{A}-seq studies}",
   Journal="Nat. Methods",
   Year="2009",
   Volume="6",
   Number="11 Suppl",
   Pages="22--32",
   Month="Nov"
}


@Article{mccarthy2012,
   Author="McCarthy, D. J.  and Chen, Y.  and Smyth, G. K. ",
   Title="{{D}ifferential expression analysis of multifactor {R}{N}{A}-{S}eq experiments with respect to biological variation}",
   Journal="Nucleic Acids Res.",
   Year="2012",
   Volume="40",
   Number="10",
   Pages="4288--4297",
   Month="May"
}

@Article{tiwari2012,
   Author="Tiwari, V. K.  and Stadler, M. B.  and Wirbelauer, C.  and Paro, R.  and Schubeler, D.  and Beisel, C. ",
   Title="{{A} chromatin-modifying function of {J}{N}{K} during stem cell differentiation}",
   Journal="Nat. Genet.",
   Year="2012",
   Volume="44",
   Number="1",
   Pages="94--100",
   Month="Jan"
}


@Article{fan1994,
   Author="Fan, J. and Marron, J. S.",
   title="Fast Implementations of Nonparametric Curve Estimators",
   journal="Journal of Computational and Graphical Statistics",
   year=1994,
   volume=3,
   pages="35--56"
}

@Article{lund2012,
   Author="Lund, S. P.  and Nettleton, D.  and McCarthy, D. J.  and Smyth, G. K. ",
   Title="{{D}etecting differential expression in {R}{N}{A}-sequence data using quasi-likelihood with shrunken dispersion estimates}",
   Journal="Stat Appl Genet Mol Biol",
   Year="2012",
   Volume="11",
   Number="5",
   Pages=" "
}

@Article{humburg2011,
	Author="Humburg, P.  and Helliwell, C. A.  and Bulger, D.  and Stone, G. ",
	Title="{{C}h{I}{P}seq{R}: analysis of {C}h{I}{P}-seq experiments}",
	Journal="BMC Bioinformatics",
	Year="2011",
	Volume="12",
	Pages="39"
}

@Techreport{phipson2013,
	Author="Phipson, B. and Lee, S. and Majewski, I. J. and Alexander, W. S. and Smyth, G. K.",
	year = 2013,
	title = "{E}mpirical {B}ayes in the presence of exceptional cases, with application to microarray data",
	institution= "Bioinformatics Division, Walter and Eliza Hall Institute of Medical Research"
}

@Article{smyth2004,
	Author="Smyth, G. K. ",
	Title="{{L}inear models and empirical bayes methods for assessing differential expression in microarray experiments}",
	Journal="Stat Appl Genet Mol Biol",
	Year="2004",
	Volume="3",
	Pages="Article3"
}

@Article{ballman2004,
	Author="Ballman, K. V.  and Grill, D. E.  and Oberg, A. L.  and Therneau, T. M. ",
	Title="{{F}aster cyclic loess: normalizing {R}{N}{A} arrays via linear models}",
	Journal="Bioinformatics",
	Year="2004",
	Volume="20",
	Number="16",
	Pages="2778--2786",
	Month="Nov"
}

@Article{law2014,
	Author="Law, C. W.  and Chen, Y.  and Shi, W.  and Smyth, G. K. ",
	Title="{{V}oom: precision weights unlock linear model analysis tools for {R}{N}{A}-seq read counts}",
	Journal="Genome Biol.",
	Year="2014",
	Volume="15",
	Number="2",
	Pages="R29",
	Month="Feb"
}


